<records xmlns="http://www.openarchives.org/OAI/2.0/">
<record>
  <header>
    <identifier>oai:mst.rochester.edu:marcnormalization/74</identifier>
    <datestamp />
    <predecessors>
      <predecessor>oai:mst.rochester.edu:74</predecessor>
    </predecessors>
    <setSpec>MARCXML Bibliographic Records</setSpec>
    <status>deleted</status>
  </header>
  <metadata>
    <marc:record xmlns:marc="http://www.loc.gov/MARC21/slim" xmlns:xsi="http://www.w3.org/2001/XMLSchema-instance" xsi:schemaLocation="http://www.loc.gov/MARC21/slim http://www.loc.gov/standards/marcxml/schema/MARC21slim.xsd">
      <marc:leader>01495cas a2200397Ka 45e0</marc:leader>
      <marc:controlfield tag="001">2393459</marc:controlfield>
      <marc:controlfield tag="005">20040205115946.0</marc:controlfield>
      <marc:controlfield tag="007">hd afb---b-c-</marc:controlfield>
      <marc:controlfield tag="008">840327d18561865ohuuu n a     0    0eng d</marc:controlfield>
      <marc:datafield ind1=" " ind2=" " tag="035">
        <marc:subfield code="a">(OCoLC)10566490</marc:subfield>
      </marc:datafield>
      <marc:datafield ind1=" " ind2=" " tag="040">
        <marc:subfield code="a">XBM</marc:subfield>
        <marc:subfield code="c">XBM</marc:subfield>
        <marc:subfield code="d">OCL</marc:subfield>
        <marc:subfield code="d">RRR</marc:subfield>
      </marc:datafield>
      <marc:datafield ind1=" " ind2=" " tag="043">
        <marc:subfield code="a">n-us-ny</marc:subfield>
      </marc:datafield>
      <marc:datafield ind1=" " ind2=" " tag="049">
        <marc:subfield code="a">RRRR</marc:subfield>
      </marc:datafield>
      <marc:datafield ind1="0" ind2=" " tag="130">
        <marc:subfield code="a">Atlas &amp; argus (Albany, N.Y. : Daily)</marc:subfield>
      </marc:datafield>
      <marc:datafield ind1="0" ind2="4" tag="245">
        <marc:subfield code="a">The Atlas &amp; argus</marc:subfield>
        <marc:subfield code="h">[microform].</marc:subfield>
      </marc:datafield>
      <marc:datafield ind1="1" ind2="1" tag="247">
        <marc:subfield code="a">Atlas and argus</marc:subfield>
      </marc:datafield>
      <marc:datafield ind1="3" ind2="3" tag="246">
        <marc:subfield code="a">Daily atlas &amp; argus</marc:subfield>
      </marc:datafield>
      <marc:datafield ind1="0" ind2="0" tag="246">
        <marc:subfield code="a">Daily Atlas and Argus</marc:subfield>
      </marc:datafield>
      <marc:datafield ind1=" " ind2=" " tag="260">
        <marc:subfield code="a">Albany, N.Y. :</marc:subfield>
        <marc:subfield code="b">Comstock &amp; Cassidy,</marc:subfield>
        <marc:subfield code="c">1856-1865.</marc:subfield>
      </marc:datafield>
      <marc:datafield ind1=" " ind2=" " tag="300">
        <marc:subfield code="a">10 v.</marc:subfield>
      </marc:datafield>
      <marc:datafield ind1=" " ind2=" " tag="310">
        <marc:subfield code="a">Daily (except Sun.)</marc:subfield>
      </marc:datafield>
      <marc:datafield ind1="0" ind2=" " tag="362">
        <marc:subfield code="a">Vol. 31, no. 9253 (Feb. 18, 1856)-v. 40, no. 12216 (May 13, 1865).</marc:subfield>
      </marc:datafield>
      <marc:datafield ind1=" " ind2=" " tag="500">
        <marc:subfield code="a">Published as: Atlas and Argus, &lt;1859-1863&gt;.</marc:subfield>
      </marc:datafield>
      <marc:datafield ind1=" " ind2=" " tag="500">
        <marc:subfield code="a">"And" appears within title ornament in small type, &lt;1859-1863&gt;.</marc:subfield>
      </marc:datafield>
      <marc:datafield ind1=" " ind2=" " tag="500">
        <marc:subfield code="a">"Democratic."</marc:subfield>
      </marc:datafield>
      <marc:datafield ind1=" " ind2=" " tag="580">
        <marc:subfield code="a">Formed by the union of: Daily Albany argus; and, Albany evening atlas.</marc:subfield>
      </marc:datafield>
      <marc:datafield ind1=" " ind2=" " tag="580">
        <marc:subfield code="a">Continued by: Argus (Albany, N.Y. : Daily).</marc:subfield>
      </marc:datafield>
      <marc:datafield ind1=" " ind2=" " tag="500">
        <marc:subfield code="a">Also issued in semiweekly and weekly editions with the same title.</marc:subfield>
      </marc:datafield>
      <marc:datafield ind1=" " ind2=" " tag="533">
        <marc:subfield code="a">Microfilm.</marc:subfield>
        <marc:subfield code="b">Cleveland, Ohio :</marc:subfield>
        <marc:subfield code="c">Micro Photo, Inc.</marc:subfield>
        <marc:subfield code="e">21 microfilm reels ; 35 mm.</marc:subfield>
      </marc:datafield>
      <marc:datafield ind1=" " ind2="0" tag="651">
        <marc:subfield code="a">Albany (N.Y.)</marc:subfield>
        <marc:subfield code="v">Newspapers.</marc:subfield>
      </marc:datafield>
      <marc:datafield ind1=" " ind2=" " tag="752">
        <marc:subfield code="a">United States</marc:subfield>
        <marc:subfield code="b">New York</marc:subfield>
        <marc:subfield code="c">Albany</marc:subfield>
        <marc:subfield code="d">Albany.</marc:subfield>
      </marc:datafield>
      <marc:datafield ind1="1" ind2="4" tag="780">
        <marc:subfield code="t">Daily Albany argus</marc:subfield>
        <marc:subfield code="w">(DLC)sn 83045590</marc:subfield>
      </marc:datafield>
      <marc:datafield ind1="0" ind2="4" tag="780">
        <marc:subfield code="t">Albany evening Atlas (Albany, N.Y. : 1843)</marc:subfield>
        <marc:subfield code="w">(DLC)sn 83030897</marc:subfield>
      </marc:datafield>
      <marc:datafield ind1="1" ind2="0" tag="785">
        <marc:subfield code="t">Argus (Albany, N.Y. : Daily)</marc:subfield>
      </marc:datafield>
      <marc:datafield ind1=" " ind2=" " tag="994">
        <marc:subfield code="a">E0</marc:subfield>
        <marc:subfield code="b">RRR</marc:subfield>
      </marc:datafield>
      <marc:datafield ind1=" " ind2=" " tag="945">
        <marc:subfield code="a">MARS</marc:subfield>
      </marc:datafield>
      <marc:datafield tag="931" ind1=" " ind2=" ">
        <marc:subfield code="a">Text</marc:subfield>
        <marc:subfield code="5">NRU</marc:subfield>
      </marc:datafield>
      <marc:datafield tag="932" ind1=" " ind2=" ">
        <marc:subfield code="a">Language material</marc:subfield>
        <marc:subfield code="5">NRU</marc:subfield>
      </marc:datafield>
      <marc:datafield tag="933" ind1=" " ind2=" ">
        <marc:subfield code="a">Text</marc:subfield>
        <marc:subfield code="5">NRU</marc:subfield>
      </marc:datafield>
      <marc:datafield tag="935" ind1=" " ind2=" ">
        <marc:subfield code="a">Serial</marc:subfield>
        <marc:subfield code="5">NRU</marc:subfield>
      </marc:datafield>
      <marc:datafield tag="933" ind1=" " ind2=" ">
        <marc:subfield code="a">Microform</marc:subfield>
        <marc:subfield code="5">NRU</marc:subfield>
      </marc:datafield>
      <marc:datafield tag="934" ind1=" " ind2=" ">
        <marc:subfield code="a">Microfilm reel</marc:subfield>
        <marc:subfield code="5">NRU</marc:subfield>
      </marc:datafield>
      <marc:datafield tag="937" ind1=" " ind2=" ">
        <marc:subfield code="a">Non-Fiction</marc:subfield>
        <marc:subfield code="5">NRU</marc:subfield>
      </marc:datafield>
      <marc:datafield tag="939" ind1=" " ind2=" ">
        <marc:subfield code="a">1856-1865</marc:subfield>
        <marc:subfield code="5">NRU</marc:subfield>
      </marc:datafield>
      <marc:datafield tag="941" ind1=" " ind2=" ">
        <marc:subfield code="a">eng</marc:subfield>
        <marc:subfield code="5">NRU</marc:subfield>
      </marc:datafield>
      <marc:datafield tag="943" ind1=" " ind2=" ">
        <marc:subfield code="a">English</marc:subfield>
        <marc:subfield code="5">NRU</marc:subfield>
      </marc:datafield>
      <marc:controlfield tag="003">NRU</marc:controlfield>
      <marc:datafield tag="035" ind1=" " ind2=" ">
        <marc:subfield code="a">(NRU)2393459</marc:subfield>
      </marc:datafield>
      <marc:datafield tag="967" ind1=" " ind2="0">
        <marc:subfield code="a">Albany (N.Y.)</marc:subfield>
        <marc:subfield code="5">NRU</marc:subfield>
      </marc:datafield>
      <marc:datafield tag="969" ind1=" " ind2="0">
        <marc:subfield code="v">Newspapers.</marc:subfield>
        <marc:subfield code="5">NRU</marc:subfield>
      </marc:datafield>
    </marc:record>
  </metadata>
</record>
</records>
